@article{wang2021machine,
    author={Xiao Wang and Xiao Xie and Yihua Chen and Borui Zhao},
    title={A machine learning approach to forecasting carry trade returns},
    journal={Applied Economics Letters},
    year={2021},
    doi={10.1080/13504851.2021.1918624},
}

@incollection{engel2014exchange,
  author    = {Engel, Charles},
  title     = {Exchange Rates and Interest Parity},
  booktitle = {Handbook of International Economics},
  editor    = {Gopinath, Gita and Helpman, Elhanan and Rogoff, Kenneth},
  volume    = {4},
  pages     = {453-522},
  publisher = {Elsevier},
  year      = {2014},
}

@article{jorda2012carry,
  author    = {Jordà, Òscar and Taylor, Alan M.},
  title     = {The Carry Trade and Fundamentals: Nothing to Fear but FEER Itself},
  journal   = {Journal of International Economics},
  volume    = {88},
  number    = {1},
  pages     = {74-90},
  year      = {2012},
}

@article{lustig2007cross,
  author    = {Lustig, Hanno and Verdelhan, Adrien},
  title     = {The Cross Section of Foreign Currency Risk Premia and Consumption Growth Risk},
  journal   = {American Economic Review},
  volume    = {97},
  number    = {1},
  pages     = {89-117},
  year      = {2007},
}

@article{menkhoff2012carry,
  author    = {Menkhoff, Lukas and Sarno, Lucio and Schmeling, Maik and Schrimpf, Andreas},
  title     = {Carry Trades and Global Foreign Exchange Volatility},
  journal   = {The Journal of Finance},
  volume    = {67},
  number    = {2},
  pages     = {681-718},
  year      = {2012},
}

@article{rossi2013exchange,
  author    = {Rossi, Barbara},
  title     = {Exchange Rate Predictability},
  journal   = {Journal of Economic Literature},
  volume    = {51},
  number    = {4},
  pages     = {1063-1119},
  year      = {2013},
}

@article{chinn2006partial,
  author    = {Chinn, Menzie D.},
  title     = {The (Partial) Rehabilitation of Interest Rate Parity in the Floating Rate Era: Longer Horizons, Alternative Expectations, and Emerging Markets},
  journal   = {Journal of International Money and Finance},
  volume    = {25},
  number    = {1},
  pages     = {7-21},
  year      = {2006},
}

@article{hochreiter1997long,
  author    = {Hochreiter, Sepp and Schmidhuber, Jürgen},
  title     = {Long Short-Term Memory},
  journal   = {Neural Computation},
  volume    = {9},
  number    = {8},
  pages     = {1735-1780},
  year      = {1997},
}

@article{accominotti2019currency,
  author    = {Accominotti, Olivier and Cen, Jason and Chambers, David and Marsh, Ian},
  title     = {Currency Regimes and the Carry Trade},
  journal   = {Journal of Financial and Quantitative Analysis},
  volume    = {54},
  number    = {5},
  pages     = {2233-2260},
  year      = {2019},
}

@unpublished{davis2020economic,
  author    = {Davis, Steven J. and Liu, Ding and Sheng, Xuguang},
  title     = {Economic Policy Uncertainty in China Since 1949: The View from Mainland Newspapers},
  note      = {Working paper},
  year      = {2020},
}

@article{gu2020empirical,
  author    = {Gu, Shihao and Kelly, Bryan and Xiu, Dacheng},
  title     = {Empirical Asset Pricing via Machine Learning},
  journal   = {Review of Financial Studies},
  volume    = {33},
  number    = {5},
  pages     = {2223-2273},
  year      = {2020},
}
